
@Book{Nystrom,
  author =       "Robert Nystrom",
  title =        "Crafting Interpreters",
  publisher =    "Genever Benning",
  year =         "2021",
  address =      "",
  edition =      "",
  editor =       "",
  volume =       "",
  number =       "",
  series =       "",
  month =        "",
  note =         "",
}

@Book{Varanese,
  author =       "Alex Varanese",
  title =        "Game Scripting Mastery",
  publisher =    "Course Technology PTR",
  year =         "2002",
  address =      "",
  edition =      "",
  editor =       "",
  volume =       "",
  number =       "",
  series =       "",
  month =        "",
  note =         "",
}

@online{OCW6.005,
  author = {MIT EECS},
  title = {Software Construction: 03 Testing},
  year = "2016",
  url = {https://ocw.mit.edu/ans7870/6/6.005/s16/classes/03-testing/},
  urldate = {2022-12-4},
}